@Article{va,
author = {V Obenchain AND M Lawrence AND V Carey AND S Gogarten AND P Shannon AND M Morgan},
title = {VariantAnnotation: a Bioconductor package for exploration and annotation of genetic variants},
journal = {Bioinformatics},
year = {2014},
volume = {30},
number = {14}
}

@Unpublished{rsamtools,
author = {M Morgan AND H Pagès AND V Obenchain AND N Hayden},
title = {Rsamtools: Binary alignment (BAM), FASTA, variant call (BCF) and tabix file import},
note = {http://bioconductor.org/packages/release/bioc/html/Rsamtools.html},
annote = {visited 10.01.2018}
}

@online{appreci8,
author = {S Sandmann AND  M Karimi AND A de Graaf AND C Rohde AND S Göllner AND J Varghese AND J Ernsting AND G Walldin AND B van der Reijden AND C Müller-Tidow AND L Malcovati AND E Hellström-Lindberg AND J Jansen AND M Dugas},
title = {appreci8: A Pipeline for Precise Variant Calling Integrating 8 Tools},
journal = {Bioinformatics},
year = {2018},
note = {https://doi.org/10.1093/bioinformatics/bty518}
}


